@TechReport{Belov,
	author = {Belov, Dmitry and Wollack, James},
	year = {2018},
	month = {04},
	title = {Detecting Groups of Test Takers Involved in Test Collusion as Unusually Large Cliques in a Graph},
    institution = {University of Wisconsinâ€“Madison},
    OPTnumber = {RR 18-1},
}

@article{lamg,
	author = {Livne, Oren E. and Brandt, Achi},
	title = {Lean Algebraic Multigrid (LAMG): Fast Graph Laplacian Linear Solver},
	journal = {SIAM Journal on Scientific Computing},
	volume = {34},
	number = {4},
	pages = {B499-B522},
	year = {2012},
	doi = {10.1137/110843563},
	URL = { https://doi.org/10.1137/110843563},
	eprint = { https://doi.org/10.1137/110843563},
}

@unpublished{miniclustering,
	author = {Livne, O.E. and Brandt, A.},
	title = {CNTree Hierarchical Clustering},
	note = {2019},
}

@unpublished{msgd,
	author = {Brandt, A. and Borenstein, E. and Livne, O.E.},
	title = {Multi-level Stochastic Optimization - need to figure out how to cite this main paper},,
	note = {2019},
}

@article{safro,
author = {Ron, Dorit and Safro, Ilya and Brandt, Achi},
year = {2010},
month = {04},
pages = {},
title = {Relaxation-Based Coarsening and Multiscale Graph Organization},
volume = {9},
journal = {Multiscale Modeling and Simulation},
doi = {10.1137/100791142}
}

@article{primal,
	author = "Oren E. Livne and Lide Han and Gorka Alkorta-Aranburu and William Wentworth-Sheilds and Mark Abney and Carole Ober and Dan L. Nicolae",
	title = "{PRIMAL: Fast and Accurate Pedigree-based Imputation from Sequence Data in a Founder Population}",
	year = "2015",
	month = "3",
	url = "https://plos.figshare.com/articles/_PRIMAL_Fast_and_Accurate_Pedigree_based_Imputation_from_Sequence_Data_in_a_Founder_Population_/1322244",
	doi = "10.1371/journal.pcbi.1004139"
}