@TechReport{matt02,
	author = {Johnson, M. W.},
	title = {A {B}ayesian hierarchical model for multi-dimensional performance assessments},
	institution = {Educational Testing Service},
	year = {2002},
	OPTnote = {Prepared for the 2002 National Council of Measurement in Education annual meeting in New Oreleans, Louisiana, April 2002.},
}

@InBook{junker,
	author = {Junker, B. W. and Patz, R. J. and Van{H}oudnos, N. M.},
	title = {Handbook of Item Response Theory},
	volume = {2},
	chapter = {15},
	publisher = {New York: Chapman and Hall/CRC},
	year = {2016},
}

@InBook{sijtsma,
	author = {Sijtsma, K. and Meijer, R.R.},
	title = {Handbook of statistics 26},
	pages = {719--746},
	publisher = {Amsterdam: Elsevier},
	year = {2007},
}

@unpublished{miniclustering,
	author = {Livne, O.E. and Brandt, A.},
	title = {CNTree Hierarchical Clustering},
	note = {2019},
}

@article{matt_bsplines,
	author = {Johnson, Matthew},
	year = {2007},
	month = {02},
	pages = {4178-4192},
	title = {Modeling dichotomous item responses with free-knot splines},
	volume = {51},
	journal = {Computational Statistics and Data Analysis},
	doi = {10.1016/j.csda.2006.04.021}
}

@TechReport{haberman,
	author = {Haberman, S.},
	title = {A General Program for Item-response Analysis that Employs the Stabilized {N}ewton-{R}aphson Algorithm},
	institution = {Educational Testing Service ETS RR-13-32},
	year = {{D}ecember 2013},
}

@Article{attractive_distractor,
	author = {Thissen, D. and Steinberg, L. and Fitzpatrick, A. R.},
	title = {Multiple-choice models: The distractors are also part of the item},
	journal = {Journal of Educational Measurement},
	year = {1989},
	volume = {26},
	number = {2},
	pages = {161--176},
	doi = {10.1111/j.1745-3984.1989.tb00326.x},
}
